@article{stanek2011attributing,
  title={Attributing health effects to apportioned components and sources of particulate matter: an evaluation of collective results},
  author={Stanek, Lindsay Wichers and Sacks, Jason D and Dutton, Steven J and Dubois, Jean-Jacques B},
  journal={Atmospheric Environment},
  volume={45},
  number={32},
  pages={5655--5663},
  year={2011},
  publisher={Elsevier}
}

@inproceedings{world2007health,
  title={Health relevance of particulate matter from various sources},
  author={World Health Organization and others},
  booktitle={Report on a WHO workshop. Copenhagen: WHO regional Office for Europe},
  year={2007}
}

@article{adams2015particulate,
  title={Particulate matter components, sources, and health: Systematic approaches to testing effects},
  author={Adams, Kate and Greenbaum, Daniel S and Shaikh, Rashid and van Erp, Annemoon M and Russell, Armistead G},
  journal={Journal of the Air \& Waste Management Association},
  volume={65},
  number={5},
  pages={544--558},
  year={2015},
  publisher={Taylor \& Francis}
}

@article{chin2014basic,
  title={Basic mechanisms for adverse cardiovascular events associated with air pollution},
  author={Chin, Michael T},
  journal={Heart},
  pages={heartjnl--2014},
  year={2014},
  publisher={BMJ Publishing Group Ltd and British Cardiovascular Society}
}

@article{miller2017inhaled,
  title={Inhaled nanoparticles accumulate at sites of vascular disease},
  author={Miller, Mark R and Raftis, Jennifer B and Langrish, Jeremy P and McLean, Steven G and Samutrtai, Pawitrabhorn and Connell, Shea P and Wilson, Simon and Vesey, Alex T and Fokkens, Paul HB and Boere, A John F and others},
  journal={ACS nano},
  volume={11},
  number={5},
  pages={4542--4552},
  year={2017},
  publisher={ACS Publications}
}

@article{bowe2018particulate,
  title={Particulate matter air pollution and the risk of incident CKD and Progression to ESRD},
  author={Bowe, Benjamin and Xie, Yan and Li, Tingting and Yan, Yan and Xian, Hong and Al-Aly, Ziyad},
  journal={Journal of the American Society of Nephrology},
  volume={29},
  number={1},
  pages={218--230},
  year={2018},
  publisher={Am Soc Nephrol}
}

@article{ostro2014chronic,
  title={Chronic PM2. 5 exposure and inflammation: determining sensitive subgroups in mid-life women},
  author={Ostro, Bart and Malig, Brian and Broadwin, Rachel and Basu, Rupa and Gold, Ellen B and Bromberger, Joyce T and Derby, Carol and Feinstein, Steven and Greendale, Gail A and Jackson, Elizabeth A and others},
  journal={Environmental research},
  volume={132},
  pages={168--175},
  year={2014},
  publisher={Elsevier}
}

@article{ruckerl2014associations,
  title={Associations between ambient air pollution and blood markers of inflammation and coagulation/fibrinolysis in susceptible populations},
  author={R{\"u}ckerl, Regina and Hampel, Regina and Breitner, Susanne and Cyrys, Josef and Kraus, Ute and Carter, Jackie and Dailey, Lisa and Devlin, Robert B and Diaz-Sanchez, David and Koenig, Wolfgang and others},
  journal={Environment international},
  volume={70},
  pages={32--49},
  year={2014},
  publisher={Elsevier}
}

@article{sorensen2003personal,
  title={Personal PM2. 5 exposure and markers of oxidative stress in blood.},
  author={S{\o}rensen, Mette and Daneshvar, Bahram and Hansen, Max and Dragsted, Lars O and Hertel, Ole and Knudsen, Lisbeth and Loft, Steffen},
  journal={Environmental Health Perspectives},
  volume={111},
  number={2},
  pages={161},
  year={2003},
  publisher={National Institute of Environmental Health Science}
}

@article{sun2005long,
  title={Long-term air pollution exposure and acceleration of atherosclerosis and vascular inflammation in an animal model},
  author={Sun, Qinghua and Wang, Aixia and Jin, Ximei and Natanzon, Alex and Duquaine, Damon and Brook, Robert D and Aguinaldo, Juan-Gilberto S and Fayad, Zahi A and Fuster, Valentin and Lippmann, Morton and others},
  journal={Jama},
  volume={294},
  number={23},
  pages={3003--3010},
  year={2005},
  publisher={American Medical Association}
}

@article{krishnan2012vascular,
  title={Vascular responses to long-and short-term exposure to fine particulate matter: MESA Air (Multi-Ethnic Study of Atherosclerosis and Air Pollution)},
  author={Krishnan, Ranjini M and Adar, Sara D and Szpiro, Adam A and Jorgensen, Neal W and Van Hee, Victor C and Barr, R Graham and O'Neill, Marie S and Herrington, David M and Polak, Joseph F and Kaufman, Joel D},
  journal={Journal of the American College of Cardiology},
  volume={60},
  number={21},
  pages={2158--2166},
  year={2012},
  publisher={Elsevier}
}

@article{wilker2014relation,
  title={Relation of long-term exposure to air pollution to brachial artery flow-mediated dilation and reactive hyperemia},
  author={Wilker, Elissa H and Ljungman, Petter L and Rice, Mary B and Kloog, Itai and Schwartz, Joel and Gold, Diane R and Koutrakis, Petros and Vita, Joseph A and Mitchell, Gary F and Vasan, Ramachandran S and others},
  journal={American Journal of Cardiology},
  volume={113},
  number={12},
  pages={2057--2063},
  year={2014},
  publisher={Elsevier}
}

@article{auchincloss2008associations,
  title={Associations between recent exposure to ambient fine particulate matter and blood pressure in the Multi-Ethnic Study of Atherosclerosis (MESA)},
  author={Auchincloss, Amy H and Roux, Ana V Diez and Dvonch, J Timothy and Brown, Patrick L and Barr, R Graham and Daviglus, Martha L and Goff Jr, David C and Kaufman, Joel D and Oâ€™Neill, Marie S},
  journal={Environmental Health Perspectives},
  volume={116},
  number={4},
  pages={486},
  year={2008},
  publisher={National Institute of Environmental Health Science}
}

@article{fuks2014arterial,
  title={Arterial blood pressure and long-term exposure to traffic-related air pollution: an analysis in the European Study of Cohorts for Air Pollution Effects (ESCAPE)},
  author={Fuks, Kateryna B and Weinmayr, Gudrun and Foraster, Maria and Dratva, Julia and Hampel, Regina and Houthuijs, Danny and Oftedal, Bente and Oudin, Anna and Panasevich, Sviatlana and Penell, Johanna and others},
  journal={Environmental health perspectives},
  volume={122},
  number={9},
  pages={896},
  year={2014},
  publisher={National Institute of Environmental Health Science}
}

@article{fuks2011long,
  title={Long-term urban particulate air pollution, traffic noise, and arterial blood pressure},
  author={Fuks, Kateryna and Moebus, Susanne and Hertel, Sabine and Viehmann, Anja and Nonnemacher, Michael and Dragano, Nico and M{\"o}hlenkamp, Stefan and Jakobs, Hermann and Kessler, Christoph and Erbel, Raimund and others},
  journal={Environmental health perspectives},
  volume={119},
  number={12},
  pages={1706},
  year={2011},
  publisher={National Institute of Environmental Health Science}
}

@article{thomson2013mapping,
  title={Mapping acute systemic effects of inhaled particulate matter and ozone: multiorgan gene expression and glucocorticoid activity},
  author={Thomson, Errol M and Vladisavljevic, Djordje and Mohottalage, Susantha and Kumarathasan, Prem and Vincent, Renaud},
  journal={toxicological sciences},
  volume={135},
  number={1},
  pages={169--181},
  year={2013},
  publisher={Oxford University Press}
}

@article{wei2016chronic,
  title={Chronic exposure to air pollution particles increases the risk of obesity and metabolic syndrome: findings from a natural experiment in Beijing},
  author={Wei, Yongjie and Zhang, Junfeng Jim and Li, Zhigang and Gow, Andrew and Chung, Kian Fan and Hu, Min and Sun, Zhongsheng and Zeng, Limin and Zhu, Tong and Jia, Guang and others},
  journal={The FASEB Journal},
  volume={30},
  number={6},
  pages={2115--2122},
  year={2016},
  publisher={FASEB}
}

@article{chen2016ambient,
  title={Ambient air pollutants have adverse effects on insulin and glucose homeostasis in Mexican Americans},
  author={Chen, Zhanghua and Salam, Muhammad T and Toledo-Corral, Claudia and Watanabe, Richard M and Xiang, Anny H and Buchanan, Thomas A and Habre, Rima and Bastain, Theresa M and Lurmann, Fred and Wilson, John P and others},
  journal={Diabetes care},
  volume={39},
  number={4},
  pages={547--554},
  year={2016},
  publisher={Am Diabetes Assoc}
}

@article{wolf2016association,
  title={Association between long-term exposure to air pollution and biomarkers related to insulin resistance, subclinical inflammation and adipokines},
  author={Wolf, Kathrin and Popp, Anita and Schneider, Alexandra and Breitner, Susanne and Hampel, Regina and Rathmann, Wolfgang and Herder, Christian and Roden, Michael and Koenig, Wolfgang and Meisinger, Christa and others},
  journal={Diabetes},
  pages={db151567},
  year={2016},
  publisher={Am Diabetes Assoc}
}

@article{mehta2016long,
  title={Long-term exposure to ambient fine particulate matter and renal function in older men: the veterans administration normative aging study},
  author={Mehta, Amar J and Zanobetti, Antonella and Bind, Marie-Abele C and Kloog, Itai and Koutrakis, Petros and Sparrow, David and Vokonas, Pantel S and Schwartz, Joel D},
  journal={Environmental health perspectives},
  volume={124},
  number={9},
  pages={1353},
  year={2016},
  publisher={National Institute of Environmental Health Science}
}

@article{lue2013residential,
  title={Residential proximity to major roadways and renal function},
  author={Lue, Shih-Ho and Wellenius, Gregory A and Wilker, Elissa H and Mostofsky, Elizabeth and Mittleman, Murray A},
  journal={J Epidemiol Community Health},
  volume={67},
  number={8},
  pages={629--634},
  year={2013},
  publisher={BMJ Publishing Group Ltd}
}

@article{nemmar2009diesel,
  title={Diesel exhaust particles in the lung aggravate experimental acute renal failure},
  author={Nemmar, Abderrahim and Al-Salam, Suhail and Zia, Shaheen and Yasin, Javed and Al Husseni, Isehaq and Ali, Badreldin H},
  journal={Toxicological Sciences},
  volume={113},
  number={1},
  pages={267--277},
  year={2009},
  publisher={Oxford University Press}
}

@article{fox2012associations,
  title={Associations of kidney disease measures with mortality and end-stage renal disease in individuals with and without diabetes: a meta-analysis},
  author={Fox, Caroline S and Matsushita, Kunihiro and Woodward, Mark and Bilo, Henk JG and Chalmers, John and Heerspink, Hiddo J Lambers and Lee, Brian J and Perkins, Robert M and Rossing, Peter and Sairenchi, Toshimi and others},
  journal={The Lancet},
  volume={380},
  number={9854},
  pages={1662--1673},
  year={2012},
  publisher={Elsevier}
}

@article{go2004chronic,
  title={Chronic kidney disease and the risks of death, cardiovascular events, and hospitalization},
  author={Go, Alan S and Chertow, Glenn M and Fan, Dongjie and McCulloch, Charles E and Hsu, Chi-yuan},
  journal={New England Journal of Medicine},
  volume={351},
  number={13},
  pages={1296--1305},
  year={2004},
  publisher={Mass Medical Soc}
}

@article{sarnak2003kidney,
  title={Kidney disease as a risk factor for development of cardiovascular disease: a statement from the American Heart Association Councils on Kidney in Cardiovascular Disease, High Blood Pressure Research, Clinical Cardiology, and Epidemiology and Prevention},
  author={Sarnak, Mark J and Levey, Andrew S and Schoolwerth, Anton C and Coresh, Josef and Culleton, Bruce and Hamm, L Lee and McCullough, Peter A and Kasiske, Bertram L and Kelepouris, Ellie and Klag, Michael J and others},
  journal={Circulation},
  volume={108},
  number={17},
  pages={2154--2169},
  year={2003},
  publisher={Am Heart Assoc}
}

@article{o2008airborne,
  title={Airborne particulate matter exposure and urinary albumin excretion: the Multi-Ethnic Study of Atherosclerosis},
  author={O'Neill, Marie S and Diez-Roux, Ana V and Auchincloss, Amy H and Franklin, Tracy G and Jacobs, DR and Astor, Brad C and Dvonch, J Timothy and Kaufman, Joel},
  journal={Occupational and environmental medicine},
  volume={65},
  number={8},
  pages={534--540},
  year={2008},
  publisher={BMJ Publishing Group Ltd}
}

@article{xu2016long,
  title={Long-term exposure to air pollution and increased risk of membranous nephropathy in China},
  author={Xu, Xin and Wang, Guobao and Chen, Nan and Lu, Tao and Nie, Sheng and Xu, Gang and Zhang, Ping and Luo, Yang and Wang, Yongping and Wang, Xiaobin and others},
  journal={Journal of the American Society of Nephrology},
  pages={ASN--2016010093},
  year={2016},
  publisher={Am Soc Nephrol}
}

@article{hendryx2009mortality,
  title={Mortality from heart, respiratory, and kidney disease in coal mining areas of Appalachia},
  author={Hendryx, Michael},
  journal={International archives of occupational and environmental health},
  volume={82},
  number={2},
  pages={243--249},
  year={2009},
  publisher={Springer}
}

@article{nemmar2004possible,
  title={Possible mechanisms of the cardiovascular effects of inhaled particles: systemic translocation and prothrombotic effects},
  author={Nemmar, Abderrahim and Hoylaerts, Marc F and Hoet, Peter HM and Nemery, Benoit},
  journal={Toxicology letters},
  volume={149},
  number={1-3},
  pages={243--253},
  year={2004},
  publisher={Elsevier}
}

@article{oberdorster2005nanotoxicology,
  title={Nanotoxicology: an emerging discipline evolving from studies of ultrafine particles},
  author={Oberd{\"o}rster, G{\"u}nter and Oberd{\"o}rster, Eva and Oberd{\"o}rster, Jan},
  journal={Environmental health perspectives},
  volume={113},
  number={7},
  pages={823},
  year={2005},
  publisher={National Institute of Environmental Health Science}
}

@article{peters2006translocation,
  title={Translocation and potential neurological effects of fine and ultrafine particles a critical update},
  author={Peters, Annette and Veronesi, Bellina and Calder{\'o}n-Garcidue{\~n}as, Lilian and Gehr, Peter and Chen, Lung Chi and Geiser, Marianne and Reed, William and Rothen-Rutishauser, Barbara and Sch{\"u}rch, Samuel and Schulz, Holger},
  journal={Particle and fibre toxicology},
  volume={3},
  number={1},
  pages={13},
  year={2006},
  publisher={BioMed Central}
}

@article{vermylen2005ambient,
  title={Ambient air pollution and acute myocardial infarction},
  author={Vermylen, Jos and Nemmar, Abderrahim and Nemery, Benoit and Hoylaerts, Marc F},
  journal={Journal of Thrombosis and Haemostasis},
  volume={3},
  number={9},
  pages={1955--1961},
  year={2005},
  publisher={Wiley Online Library}
}

@article{hoke2007acute,
  title={Acute renal failure after bilateral nephrectomy is associated with cytokine-mediated pulmonary injury},
  author={Hoke, Thomas S and Douglas, Ivor S and Klein, Christina L and He, Zhibin and Fang, Wenfeng and Thurman, Joshua M and Tao, Yunxia and Dursun, Belda and Voelkel, Norbert F and Edelstein, Charles L and others},
  journal={Journal of the American Society of Nephrology},
  volume={18},
  number={1},
  pages={155--164},
  year={2007},
  publisher={Am Soc Nephrol}
}

@article{pierson2006respiratory,
  title={Respiratory considerations in the patient with renal failure},
  author={Pierson, David J},
  journal={Respiratory care},
  volume={51},
  number={4},
  pages={413--422},
  year={2006},
  publisher={Respiratory Care}
}

@article{brook2010particulate,
  title={Particulate matter air pollution and cardiovascular disease: an update to the scientific statement from the American Heart Association},
  author={Brook, Robert D and Rajagopalan, Sanjay and Pope, C Arden and Brook, Jeffrey R and Bhatnagar, Aruni and Diez-Roux, Ana V and Holguin, Fernando and Hong, Yuling and Luepker, Russell V and Mittleman, Murray A and others},
  journal={Circulation},
  volume={121},
  number={21},
  pages={2331--2378},
  year={2010},
  publisher={Am Heart Assoc}
}

@misc{laden2011air,
  title={Air pollution and coronary risk in kidney transplant recipients},
  author={Laden, Francine and Winkelmayer, Wolfgang C},
  year={2011},
  publisher={WB Saunders}
}

@article{huang2014impact,
  title={Impact of environmental particulate matter and peritoneal dialysis-related infection in patients undergoing peritoneal dialysis},
  author={Huang, Wen-Hung and Yen, Tzung-Hai and Chan, Ming-Jen and Su, Yi-Jiun},
  journal={Medicine},
  volume={93},
  number={25},
  year={2014},
  publisher={Wolters Kluwer Health}
}

@article{nemmar2013recent,
  title={Recent advances in particulate matter and nanoparticle toxicology: a review of the in vivo and in vitro studies},
  author={Nemmar, Abderrahim and Holme, J{\o}rn A and Rosas, Irma and Schwarze, Per E and Alfaro-Moreno, Ernesto},
  journal={BioMed research international},
  volume={2013},
  year={2013},
  publisher={Hindawi}
}

@article{nemmar2016prolonged,
  title={Prolonged pulmonary exposure to diesel exhaust particles exacerbates renal oxidative stress, inflammation and DNA damage in mice with adenine-induced chronic renal failure},
  author={Nemmar, Abderrahim and Karaca, Turan and Beegam, Sumaya and Yuvaraju, Priya and Yasin, Javed and Hamadi, Naserddine Kamel and Ali, Badreldin H},
  journal={Cellular Physiology and Biochemistry},
  volume={38},
  number={5},
  pages={1703--1713},
  year={2016},
  publisher={Karger Publishers}
}